@misc{googledrive,
  author = {Google},
  title = {Google Drive: Free Cloud Storage for Personal Use},
  howpublished = {https://www.google.com/drive/},
  year = {2019}
}

@misc{dropbox,
  author = {Dropbox},
  title = {Dropbox},
  howpublished = {https://www.dropbox.com/},
  year = {2018}
}

@misc{onedrive,
  title = {Personal Cloud Storage -- Microsoft OneDrive},
  howpublished = {https://www.microsoft.com/en-us/microsoft-365/onedrive/},
  year = {2024}
}

@misc{box,
  author = {Box},
  title = {Box Developer Documentation},
  howpublished = {https://developer.box.com/},
  year = {2023}
}

@misc{amazonweb,
  author = {Amazon Web Services},
  title = {Amazon S3 API Reference},
  howpublished = {https://docs.aws.amazon.com/AmazonS3/latest/API/Welcome.html},
  year = {2023}
}

@article{kowalczyk2018data,
  author = {Kowalczyk, Danielle R. and Shankar, Sriram Y.},
  title = {Data sharing in the sciences},
  journal = {Annual Review of Information Science and Technology},
  volume = {45},
  number = {1},
  pages = {247-294},
  year = {2011},
  doi = {10.1002/aris.2011.1440450113}
}

@article{stephens2015big,
  author = {Stephens, Zachary D. and others},
  title = {Big Data: Astronomical or Genomical?},
  journal = {PLOS Biology},
  volume = {13},
  number = {7},
  pages = {e1002195},
  year = {2015},
  doi = {10.1371/journal.pbio.1002195}
}

@inproceedings{sun2017revisiting,
  author = {Sun, Chen and Shrivastava, Abhinav and Singh, Saurabh and Gupta, Abhinav},
  title = {Revisiting Unreasonable Effectiveness of Data in Deep Learning Era},
  booktitle = {2017 IEEE International Conference on Computer Vision (ICCV)},
  pages = {843-852},
  year = {2017},
  doi = {10.1109/ICCV.2017.97}
}

@article{khan2018iot,
  author = {Khan, M. A. and Salah, K.},
  title = {IoT security: Review, blockchain solutions, and open challenges},
  journal = {Future Generation Computer Systems},
  volume = {82},
  pages = {395-411},
  year = {2018},
  doi = {10.1016/j.future.2017.11.022}
}

@misc{reinsel2018digitization,
  author = {Reinsel, David and Gantz, John and Rydning, John},
  title = {The Digitization of the World - From Edge to Core},
  howpublished = {https://www.seagate.com/files/www-content/our-story/trends/files/idc-seagate-dataage-whitepaper.pdf},
  year = {2018},
  note = {IDC White Paper}
}

@article{wallis2013if,
  author = {Wallis, Jillian C. and Rolando, Elizabeth and Borgman, Christine L.},
  title = {If We Share Data, Will Anyone Use Them? Data Sharing and Reuse in the Long Tail of Science and Technology},
  journal = {PLOS ONE},
  volume = {8},
  number = {7},
  pages = {e67332},
  year = {2013},
  doi = {10.1371/journal.pone.0067332}
}

@article{wilkinson2016fair,
  author = {Wilkinson, Mark D. and others},
  title = {The FAIR Guiding Principles for scientific data management and stewardship},
  journal = {Scientific Data},
  volume = {3},
  number = {1},
  pages = {160018},
  year = {2016},
  doi = {10.1038/sdata.2016.18}
}

@article{gezelter2015open,
  author = {Gezelter, J. Daniel},
  title = {Open Source and Open Data Should Be Standard Practices},
  journal = {The Journal of Physical Chemistry Letters},
  volume = {6},
  number = {7},
  pages = {1168-1169},
  year = {2015},
  doi = {10.1021/acs.jpclett.5b00285}
}

@article{vogelsberger2014introducing,
  author = {Vogelsberger, Mark and others},
  title = {Introducing the Illustris Project: Simulating the coevolution of dark and visible matter in the Universe},
  journal = {Monthly Notices of the Royal Astronomical Society},
  volume = {444},
  number = {2},
  pages = {1518-1547},
  year = {2014},
  doi = {10.1093/mnras/stu1536}
}

@article{eisner2018data,
  author = {Eisner, David A.},
  title = {Reproducibility of science: Fraud, impact factors and carelessness},
  journal = {Journal of Molecular and Cellular Cardiology},
  volume = {114},
  pages = {364-368},
  year = {2018},
  doi = {10.1016/j.yjmcc.2017.10.009}
}

@article{tenopir2011data,
  author = {Tenopir, Carol and others},
  title = {Data Sharing by Scientists: Practices and Perceptions},
  journal = {PLOS ONE},
  volume = {6},
  number = {6},
  pages = {e21101},
  year = {2011},
  doi = {10.1371/journal.pone.0021101}
}

@misc{django,
  author = {Django Software Foundation},
  title = {Django Documentation},
  howpublished = {https://docs.djangoproject.com/},
  year = {2023}
}

@misc{djangorest,
  author = {Django REST Framework},
  title = {Django REST Framework},
  howpublished = {https://www.django-rest-framework.org/},
  year = {2023}
}

@misc{react,
  author = {React},
  title = {React -- A JavaScript library for building user interfaces},
  howpublished = {https://reactjs.org/},
  year = {2023}
}

@misc{redux,
  author = {Redux},
  title = {Redux - A Predictable State Container for JS Apps},
  howpublished = {https://redux.js.org/},
  year = {2023}
}

@misc{djangosites,
  author = {Django Software Foundation},
  title = {Sites Using Django},
  howpublished = {https://djangosites.org/},
  year = {2023}
}

@misc{reactsites,
  author = {Neuhaus, J.},
  title = {16 Popular Websites Built With ReactJS},
  howpublished = {https://www.honeypot.io/blog/popular-websites-built-with-reactjs/},
  year = {2022}
}

@misc{mongodb,
  author = {MongoDB},
  title = {MongoDB Documentation},
  howpublished = {https://docs.mongodb.com/},
  year = {2023}
}

@misc{postgresql,
  author = {PostgreSQL},
  title = {PostgreSQL Documentation},
  howpublished = {https://www.postgresql.org/docs/},
  year = {2023}
}

@misc{mysql,
  author = {MySQL},
  title = {MySQL Documentation},
  howpublished = {https://dev.mysql.com/doc/},
  year = {2023}
}

@misc{axios,
  author = {Axios},
  title = {Axios - Promise based HTTP client for the browser and Node.js},
  howpublished = {https://axios-http.com/},
  year = {2023}
}

@misc{reduxthunk,
  author = {Redux Thunk},
  title = {Redux Thunk - Thunk middleware for Redux},
  howpublished = {https://github.com/reduxjs/redux-thunk},
  year = {2023}
}

@misc{reduxsaga,
  author = {Redux Saga},
  title = {Redux Saga - An alternative side effect model for Redux apps},
  howpublished = {https://redux-saga.js.org/},
  year = {2023}
}

@misc{angular,
  author = {Angular},
  title = {Angular - One framework. Mobile \& desktop.},
  howpublished = {https://angular.io/},
  year = {2023}
}

@misc{vue,
  author = {Vue.js},
  title = {Vue.js - The Progressive JavaScript Framework},
  howpublished = {https://vuejs.org/},
  year = {2023}
}

@misc{flask,
  author = {Flask},
  title = {Flask - Web development, one drop at a time},
  howpublished = {https://flask.palletsprojects.com/},
  year = {2023}
}

@misc{nodejs,
  author = {Node.js},
  title = {Node.js - About},
  howpublished = {https://nodejs.org/en/about/},
  year = {2023}
}

@inproceedings{foodData,
  author = {Whalen, L. and Turner-McGrievy, B. and McGrievy, M. and Hester, A. and Valafar, H.},
  title = {On Creating a Comprehensive Food Database},
  booktitle = {2022 International Conference on Computational Science and Computational Intelligence (CSCI)},
  pages = {1610-1614},
  year = {2022},
  doi = {10.1109/CSCI58124.2022.00288}
}

@inproceedings{wordification,
  author = {Whalen, L. and Craven, D. and Comandur, S. and Bickel, N. and Valafar, H. and Dubinsky, S.},
  title = {Wordification: A New Way of Teaching English Spelling Patterns},
  booktitle = {2023 Congress in Computer Science, Computer Engineering, \& Applied Computing (CSCE)}, 
  pages = {1151-1158},
  year = {2023},
  doi = {10.1109/CSCE60160.2023.00192}
}

@inproceedings{eeg,
  author = {Smith, A. and Anand, H. and Milosavljevic, S. and Rentschler, K. M. and Pocivavsek, A. and Valafar, H.},
  title = {Application of Machine Learning to Sleep Stage Classification},
  booktitle = {2021 International Conference on Computational Science and Computational Intelligence (CSCI)},
  pages = {349-354}, 
  year = {2021},
  doi = {10.1109/CSCI54926.2021.00130}
}

@misc{cancer,
  author = {Firooz, A. and Funkhouser, A.T. and Martin, J.C. and Edenfield, W.J. and Valafar, H. and Blenda, A.V.},
  title = {Comprehensive and User-Analytics-Friendly Cancer Patient Database for Physicians and Researchers},
  howpublished = {arXiv:2302.01337v1},
  year = {2023},
  note = {Update in: This article has been published with doi: 10.1109/CSCI58124.2022.00328. PMID: 36776819; PMCID: PMC9915752}
}

@misc{nsf,
  author = {National Science Foundation},
  title = {NSF - National Science Foundation},
  howpublished = {https://www.nsf.gov/},
  year = {2019}
}

@misc{knox,
  author = {jazzband},
  title = {django-rest-knox},
  howpublished = {https://github.com/jazzband/django-rest-knox},
  year = {2024},
  note = {accessed Feb. 15, 2024}
}